
@misc{medium,
    title = {Animated Charts in React Native using D3 and ART},
    howpublished = {\url{https://medium.com/the-react-native-log/animated-charts-in-react-native-using-d3-and-art-21cd9ccf6c58}},
    note = {Accessed: 2017-11-19}
}

@misc{reacttransform,
    title = {Transforms},
    howpublished = {\url{https://facebook.github.io/react-native/docs/transforms.html}},
    note = {Accessed: 2017-11-19}
}

@misc{reactimage,
    title = {Images},
    howpublished = {\url{https://facebook.github.io/react-native/docs/image.html}},
    note = {Accessed: 2017-11-19}
}

@misc{reacttext,
    title = {Text},
    howpublished = {\url{https://facebook.github.io/react-native/docs/text.html}},
    note = {Accessed: 2017-11-19}
}

@misc{reactview,
    title = {View},
    howpublished = {\url{https://facebook.github.io/react-native/docs/view.html}},
    note = {Accessed: 2017-11-19}
}

@misc{reactpan,
    title = {PanResponder},
    howpublished = {\url{https://facebook.github.io/react-native/docs/panresponder.html}},
    note = {Accessed: 2017-11-19}
}

@misc{reactbutton,
    title = {PanResponder},
    howpublished = {\url{https://facebook.github.io/react-native/docs/button.html}},
    note = {Accessed: 2017-11-19}
}

@misc{seb,
    title = {ART.Text},
    howpublished = {\url{http://sebmarkbage.github.io/art/docs/Shapes/ART.Text.html}},
    note = {Accessed: 2017-11-19}
}

@misc{omtkeysig,
    title = {Key Signatures},
    howpublished = {\url{http://openmusictheory.com/keySignatures.html}},
    note = {Accessed: 2017-11-19}
}

@misc{omtintervals,
    title = {Intervals},
    howpublished = {\url{http://openmusictheory.com/intervals.html}},
    note = {Accessed: 2017-11-19}
}

@misc{omttriads,
    title = {Triads},
    howpublished = {\url{http://openmusictheory.com/triads.html}},
    note = {Accessed: 2017-11-19}
}