  @ARTICLE{APPLE,
    author={Apple, Inc.}
    title={{UI Design Do’s and Don’ts}}
  }
