%  Bibliography for Capstone: Tech Review
%  

@misc{xamarin,
    title = {Xamarin Website},
    howpublished = {\url{https://www.xamarin.com/platform}},
    note = {Accessed: 2017-11-19}
}

@misc{cocossharp,
    title = {CocosSharp Game Development Information},
    howpublished = {\url{https://developer.xamarin.com/guides/cross-platform/game_development/cocossharp/}},
    note = {Accessed: 2017-11-19}  
}

@misc{xamarinui,
    title = {iOS User Interface},
    howpublished = {\url{https://developer.xamarin.com/guides/ios/user_interface/}},
    note = {Accessed: 2017-11-19}  
}

@misc{xamarincircle,
    title = {Drawing a Simple Circle},
    howpublished = {\url{https://developer.xamarin.com/guides/xamarin-forms/advanced/skiasharp/basics/circle/}},
    note = {Accessed: 2017-11-19},
}

@misc{swift,
    title = {Swift},
    howpublished = {\url{https://developer.apple.com/swift/}},
    note = {Accessed: 2017-11-19}

}

@misc{androidstudio,
    title = {Android Studio},
    howpublished = {\url{https://developer.android.com/studio/index.html}},
    note = {Accessed: 2017-11-19}
}

@misc{reactnative,
    title = {React Native Homepage},
    howpublished = {\url{https://facebook.github.io/react-native/}},
    note = {Accessed: 2017-11-19}
}

@misc{npm,
    title = {npm Homepage},
    howpublished = {\url{https://www.npmjs.com/}},
    note = {Accessed: 2017-11-19}
}

@misc{rndocs,
    title = {Gettin Started},
    howpublished = {\url{https://facebook.github.io/react-native/docs/getting-started.html}},
    note = {Accessed: 2017-11-19}
}

@misc{rntransform,
    title = {Transforms},
    howpublished = {\url{https://facebook.github.io/react-native/docs/transforms.html}},
    note = {Accessed: 2017-11-19}
}

@misc{rnsvg,
    title = {React Native SVG Github},
    howpublished = {\url{https://github.com/react-native-community/react-native-svg}},
    note = {Accessed: 2017-11-19}
}

@misc{rncharts,
    title = {Animated Charts in React Native using d3 and ART},
    howpublished = {\url{https://medium.com/the-react-native-log/animated-charts-in-react-native-using-d3-and-art-21cd9ccf6c58}},
    note = {Accessed: 2017-11-19}
}

@misc{rnimage,
    title = {Images},
    howpublished = {\url{https://facebook.github.io/react-native/docs/image.html}},
    note = {Accessed: 2017-11-19}
}

@misc{rntext,
    title = {Text},
    howpublished = {\url{https://facebook.github.io/react-native/docs/text.html}},
    note = {Accessed: 2017-11-19}
}

@misc{rnview,
    title = {View},
    howpublished = {\url{https://facebook.github.io/react-native/docs/view.html}},
    note = {Accessed: 2017-11-19}
}

@misc{rnpan,
    title = {PanResponder},
    howpublished = {\url{https://facebook.github.io/react-native/docs/panresponder.html}},
    note = {Accessed: 2017-11-19}
}
