%  Bibliography for Capstone: Progress Report
%  


@misc{rncharts,
    title = {Animated Charts in React Native using d3 and ART},
    howpublished = {\url{https://medium.com/the-react-native-log/animated-charts-in-react-native-using-d3-and-art-21cd9ccf6c58}},
    note = {Accessed: 2017-11-19}
}